@book{feynman2011volume2,
  author    = {Feynman, Richard P. and Leighton, Robert B. and Sands, Matthew},
  title     = {The Feynman Lectures on Physics, Vol. II: The New Millennium Edition: Mainly Electromagnetism and Matter},
  volume    = {2},
  publisher = {Basic Books},
  address   = {New York, NY},
  year      = {2011},
  edition   = {New Millennium},
  isbn      = {978-0465024940},
}

@book{halliday_fundamentals_2014,
  author    = {Halliday, David and Resnick, Robert and Walker, Jearl},
  title     = {Fundamentals of Physics},
  publisher = {John Wiley \& Sons},
  year      = {2014},
  edition   = {10th ed.},
  address   = {Hoboken, NJ}
}

@book{Purcell_Morin_2013, 
place={Cambridge}, 
edition={3}, 
title={Electricity and Magnetism}, 
publisher={Cambridge University Press}, 
author={Purcell, Edward M. and Morin, David J.}, 
year={2013}}